<?xml version="1.0" encoding="UTF-8"?>
<record xmlns="http://www.loc.gov/MARC21/slim" xmlns:xsi="http://www.w3.org/2001/XMLSchema-instance" xsi:schemaLocation="http://www.loc.gov/MARC21/slim http://www.loc.gov/standards/marcxml/schema/MARC21slim.xsd">
<leader>     cam a2200289 a 4500</leader>
<controlfield tag="001">002009355</controlfield>
<controlfield tag="003">NNU</controlfield>
<controlfield tag="005">19940725150406.0</controlfield>
<controlfield tag="008">910926s1986    ir a     b    001 0cara d</controlfield>
<datafield tag="035" ind1="9" ind2=" ">
<subfield code="a">NYUb10958477</subfield>
</datafield>
<datafield tag="035" ind1=" " ind2=" ">
<subfield code="a">(CStRLIN)NYUG91-B54408</subfield>
</datafield>
<datafield tag="035" ind1=" " ind2=" ">
<subfield code="a">GLIS009584777</subfield>
</datafield>
<datafield tag="040" ind1=" " ind2=" ">
<subfield code="a">NjP</subfield>
<subfield code="c">NjP</subfield>
<subfield code="d">NNU</subfield>
</datafield>
<datafield tag="090" ind1=" " ind2=" ">
<subfield code="i">06/15/92 CT</subfield>
</datafield>
<datafield tag="100" ind1="1" ind2=" ">
<subfield code="a">Qazwīnī, ʻAbd al-Nabī ibn Muḥammad,</subfield>
<subfield code="d">b. ca. 1713.</subfield>
</datafield>
<datafield tag="245" ind1="1" ind2="0">
<subfield code="a">Tatmīm Amal al-Āmil /</subfield>
<subfield code="c">li-ʻAbd al-Nabī al-Qazwīnī ; taḥqīq Aḥmad al-Ḥusaynī ; bi-ihtimām Maḥmūd al-Marʻashī.</subfield>
</datafield>
<datafield tag="260" ind1=" " ind2=" ">
<subfield code="a">Qum :</subfield>
<subfield code="b">Maktabat Āyat Allāh al-Marʻashī,</subfield>
<subfield code="c">1407 [1986 or 1987]</subfield>
</datafield>
<datafield tag="300" ind1=" " ind2=" ">
<subfield code="a">221, [1] p. :</subfield>
<subfield code="b">ill. ;</subfield>
<subfield code="c">25 cm.</subfield>
</datafield>
<datafield tag="490" ind1="1" ind2=" ">
<subfield code="a">Makhṭūṭāt Maktabat Āyat Allāh al-Marʻashī al-ʻĀmmah ;</subfield>
<subfield code="v">16</subfield>
</datafield>
<datafield tag="504" ind1=" " ind2=" ">
<subfield code="a">Includes bibliographical references (p. 217-[222]) and indexes.</subfield>
</datafield>
<datafield tag="650" ind1=" " ind2="0">
<subfield code="a">Shiites</subfield>
<subfield code="v">Biography.</subfield>
</datafield>
<datafield tag="650" ind1=" " ind2="0">
<subfield code="a">Shiites</subfield>
<subfield code="z">Lebanon</subfield>
<subfield code="z">ʻĀmil Mountains Region</subfield>
<subfield code="v">Biography.</subfield>
</datafield>
<datafield tag="700" ind1="1" ind2=" ">
<subfield code="a">Ḥurr al-ʻĀmilī, Muḥammad ibn al-Ḥasan,</subfield>
<subfield code="d">1624-1693.</subfield>
<subfield code="t">Amal al-āmil.</subfield>
</datafield>
<datafield tag="700" ind1="1" ind2=" ">
<subfield code="a">Ḥusaynī, Aḥmad.</subfield>
</datafield>
<datafield tag="830" ind1=" " ind2="0">
<subfield code="a">Min makhṭūṭāt Maktabat Āyat Allāh al-Marʻashī al-ʻĀmmah ;</subfield>
<subfield code="v">16.</subfield>
</datafield>
<datafield tag="OWN" ind1=" " ind2=" ">
<subfield code="a">GENERAL</subfield>
</datafield>
<datafield tag="950" ind1=" " ind2=" ">
<subfield code="l">BMAIN</subfield>
<subfield code="a">BP192.8</subfield>
<subfield code="b">.Q29 1986</subfield>
<subfield code="i">06/15/92 C</subfield>
</datafield>
<datafield tag="955" ind1=" " ind2=" ">
<subfield code="l">BMAIN</subfield>
<subfield code="c">1</subfield>
<subfield code="q">91-B54408-1</subfield>
<subfield code="r">016236815</subfield>
<subfield code="i">06/15/92 C</subfield>
</datafield>
<datafield tag="998" ind1=" " ind2=" ">
<subfield code="a">06/15/92</subfield>
<subfield code="t">b</subfield>
<subfield code="s">9118</subfield>
<subfield code="n">NNU</subfield>
<subfield code="w">NJPG88B23926</subfield>
<subfield code="d">09/26/91</subfield>
<subfield code="c">MG</subfield>
<subfield code="b">FF</subfield>
<subfield code="i">920615</subfield>
<subfield code="l">NYUG</subfield>
</datafield>
<datafield tag="AVA" ind1=" " ind2=" ">
<subfield code="a">NYU50</subfield>
<subfield code="b">BOBST</subfield>
<subfield code="c">Main Collection</subfield>
<subfield code="d">BP192.8 .Q29 1986</subfield>
<subfield code="e">unavailable</subfield>
<subfield code="t">Unavailable</subfield>
<subfield code="f">1</subfield>
<subfield code="g">1</subfield>
<subfield code="h">N</subfield>
<subfield code="i">0</subfield>
<subfield code="j">MAIN</subfield>
<subfield code="k">0</subfield>
</datafield>
</record>
